@article{example2019,
    author = {Mustermann, M.},
    year = {2019},
    journal = {Journal of Examples},
    title = {Easy proofs}
}

@misc{ChenShneer2024,
  author  = {Yuyu Chen and Seva Shneer},
  title   = {Stochastic dominance for super heavy-tailed random variables},
  year    = {2024},
  howpublished = {arXiv},
}
@phdthesis{neslehova2004,
    author       = {Johana Ne{\v{s}}lehov{\'a}},
    title        = {Dependence of Non-Continuous Random Variables},
    school       = {Carl von Ossietzky Universität Oldenburg, Fakultät für Mathematik und Naturwissenschaften},
    year         = {2004},
    type         = {Dissertation zur Erlangung des Grades Dr. rer. nat.},
    address      = {Oldenburg},
    note         = {Eingereicht am 11. Mai 2004}
}
@article{chen2022unexpected,
  title={An unexpected stochastic dominance: Pareto distributions, dependence, and diversification},
  author={Chen, Yuyu and Embrechts, Paul and Wang, Ruodu},
  journal={arXiv preprint arXiv:2208.08471v4},
  year={2022},
  note={Last revised 13 Mar 2024},
  archivePrefix={arXiv},
  primaryClass={q-fin.RM}
}
@book{shaked2007stochastic,
  title     = {Stochastic Orders},
  author    = {Moshe Shaked and J. George Shanthikumar},
  year      = {2007},
  publisher = {Springer Science+Business Media, LLC},
  address   = {New York, NY},
  isbn      = {978-0387-32915-4},
  note      = {Library of Congress Control Number: 2006927724}
}
@techreport{cooke2011heavy,
  author       = {Roger M. Cooke and Daan Nieboer},
  title        = {Heavy-Tailed Distributions: Data, Diagnostics, and New Developments},
  institution  = {Resources for the Future, Department of Mathematics, Delft University of Technology},
  type         = {Discussion Paper},
  number       = {11-19},
  year         = {2011},
  month        = mar,
  note         = {Support from US National Science Foundation grant no. 0960865 and comments from Prof. J. Misiewicz are gratefully acknowledged},
  url          = {https://ssrn.com/abstract=1811043},
  doi          = {10.2139/ssrn.1811043}
}
@article{matkowski1993subadditive,
  author    = {Janusz Matkowski and Tadeusz Świątkowski},
  title     = {On Subadditive Functions},
  journal   = {Proceedings of the American Mathematical Society},
  volume    = {119},
  number    = {1},
  year      = {1993},
  pages     = {187--197},
  publisher = {American Mathematical Society},
  doi       = {10.2307/2159689}
}


